@book{weinstock,
    author    = "Robert Weinstock",
    title     = "Calculus of variations, with applications to physics and engineering",
    year      = "1974",
    publisher = "Dover Publications"
}

@book{rindler,
    author    = "Filip Rindler",
    title     = "Calculus of variations",
    year      = "2018",
    publisher = "Springer",
    edition   = {1st}
}

@book{gelfand,
    author    = "I. M. Gelfand and S. V. Fomin",
    title     = "Calculus of variations",
    year      = "1963",
    publisher = "Prentice-Hall"
}

@book{landau,
    author    = "L. D. Landau and E. M. Lifshitz",
    title     = "Mechanics",
    year      = "1969",
    publisher = "Pergamon Press",
    edition   = {2nd}
}